@inbook{inbook,
author = {Chew, Daniel},
year = {2018},
month = {10},
pages = {139-171},
title = {MAC Layer},
doi = {10.1002/9781119260608.ch5}
}

@inproceedings{IoTWMN,
author = {Lech, Piotr and Włodarski, Przemysław},
year = {2017},
month = {04},
pages = {272-280},
title = {Analysis of the IoT WiFi Mesh Network},
isbn = {978-3-319-57263-5},
doi = {10.1007/978-3-319-57264-2_28}
}
